
@manual{IEEE:802.16,
    title = "{IEEE} Standard for Local and Metropolitan Area Networks ---
             Part16: Air Interface for Broadband Wireless Access Systems",
    address = {New York, NY, USA},
    author = {{IEEE Std 802.16-2009}},

    citeulike-article-id = {8436478},
    citeulike-linkout-0 = {http://standards.ieee.org/getieee802/download/802.16-2009.pdf},
    citeulike-linkout-1 = {http://dx.doi.org/10.1109/IEEESTD.2009.5062485},
    citeulike-linkout-2 = {http://standards.ieee.org/about/get/802/802.16.html},
    citeulike-linkout-3 = {http://www.worldcat.org/isbn/9780738159195},
    citeulike-linkout-4 = {http://books.google.com/books?vid=ISBN9780738159195},
    citeulike-linkout-5 = {http://www.amazon.com/gp/search?keywords=9780738159195\&index=books\&linkCode=qs},
    citeulike-linkout-6 = {http://www.librarything.com/isbn/9780738159195},
    citeulike-linkout-7 = {http://www.worldcat.org/oclc/629800021},
    day = {13},
    doi = {10.1109/IEEESTD.2009.5062485},
    editor = {Schumacher, Joseph and Chou, Joey and Kitroser, Itzik and Murias, Ron and Probasco, Scott},
    isbn = {9780738159195},
    keywords = {80216, ieee, specifications, standard, wimax},
    month = may,
    priority = {1},
    publisher = {IEEE},
    url = {http://standards.ieee.org/getieee802/download/802.16-2009.pdf},
    year = {2009},
    abstract = {This standard specifies the air interface, including the medium access controllayer ({MAC}) and physical layer ({PHY}), of combined fixed and mobilepoint-to-multipoint broadband wireless access ({BWA}) systems providing multipleservices. The {MAC} is structured to support multiple physical layer ({PHY})specifications, each suited to a particular operational environment.  Thestandard enables rapid worldwide deployment of innovative, cost effective, andinteroperable multivendor broadband wireless access products, facilitatescompetition in broadband access by providing alternatives to wireline broadbandaccess, encourages consistent worldwide spectrum allocations, and acceleratesthe commercialization of broadband wireless access systems. The standard is arevision of {IEEEE} Std 802.16-2004, and consolidates material from {IEEE} {Std802.16eTM}-2005, {IEEE} {802.16-2004/Cor1}-2005, {IEEE} {802.16fTM}-2005, and {IEEE} {Std802.16gTM}-2007, along with additional maintenance items and enhancements to themanagement information base specifications. This revision supersedes and makesobsolete {IEEE} Std 802.16-2004 and all of its subsequent amendments andcorrigenda.}
}


